@manual{V61,
  author = {TU Dortmund},
  title = {V61 - He-Ne Laser}
}
@book{Laserspektroskopie,
title = {Laserspektroskopie 1 Grundlagen},
author= {Demtröder, Wolfgang},
year= {2011},
publisher = {Springer-Verlag Berlin},
}
@book{Laser,
title = {Laser (Bauformen, Strahlführung, Anwendungen)},
author= {Hans Joachim Eichler & Jürgen Eichler},
year= {2015},
publisher = {Springer-Verlag Berlin},
}