@manual{sample,
  author = {TU Dortmund},
  title = {V21 - Optisches Pumpen},
  year = {2022},
}

@online{leifi,
title = {Magnetfeld einer HELMHOLTZ-Spule},
url = {https://www.leifiphysik.de/elektrizitaetslehre/stroeme-magnetisches-feld/grundwissen/magnetfeld-einer-helmholtz-spule},
urldate = {07-05-2022},
}

@book{dem,
author = {Pfeiler, Wolfgang},
subtitle       = {Quanten, Atome, Kerne, Teilchen},
title = {Experimentalphysik},
edition        = {2},
volume         = {5},
publisher      = {Walter de Gruyter GmbH},
isbn           = {978-3-11-067564-1},
},

@unpublished{op,
  author = {Black, Eric D.},
  note   = {Anleitung},
  title  = {Optical Pumping},
  year   = {2004},
}