@manual{theorie,
  author = {TU Dortmund},
  title = {Diode Laser Physics},
  year = 2022
}

@online{p-n-uebergang,
  url = {https://www.enargus.de/pub/bscw.cgi/d14511-2/*/*/p-n-%c3%9cbergang.html?op=Wiki.getwiki},
  urldate = {2022-04-11},
  title = {p-n-Ãœbergang},
  author = {enargus}
}

@book{kruemmung,
  title = {Aktive elektronische Bauelemente},
  subtitle = {Aufbau, Struktur, Wirkungsweise, Eigenschaften und praktischer Einsatz diskreter und integrierter Halbleiter-Bauteile, 2. Auflage},
  author = {Leonhard Stiny},
  year = {2015},
  isbn = {9783658091521},
  publisher =  {Springer Vieweg},
}