@manual{sample,
  author = {TU Dortmund},
  title = {Versuch zum Literaturverzeichnis},
  year = 2014
}

@online{brechungsindex,
  url = {https://www.filmetrics.de/refractive-index-database/GaAs/Gallium-Arsenide},
  urldate = {06-07-2022},
  title = {Brechungsindex von Gallium Arsenide},
  author = {Filmetrics A KLA Company},
}
@online{wikipedia,
  url = {https://de.wikipedia.org/wiki/B%C3%A4ndermodell},
  urldate = {06-07-2022},
  title = {Einteilung anhand der Lage der Bänder}
}
@manual{Anleitung,
  author = {TU Dortmund},
  title = {V46, Faraday-Effekt}
}
@book{Demtröder3,
  title ={Experimentalphysik 3},
  subtitle ={Atome, Moleküle und Festkörper, 5. Auflage},
  author ={Wolfgang Demtröder},
  year = {2021},
  isbn = {3662490943},
  publisher ={Springer Spektrum}
}