@manual{sample,
  author = {TU Dortmund},
  title = {V23 Quanten Analogie},
  year = 2022
}

@online{sphericalharmonics,
  title = {Kugelflächenfunktionen},
  url = {https://de.wikipedia.org/wiki/Kugelfl%C3%A4chenfunktionen},
  urldate = {2022-04-30},
  year = {2021}
}

@book{angewandte,
  title ={Angewandte Mathematik für Physiker},
  author ={Ehlotzky, Fritz},
  year = {2007},
  isbn = {3540736492},
  publisher ={Springer-Verlag}
}

@book{mech,
  title ={Experimentalphysik 1},
  subtitle ={Mechanik und Wärme, 9. Auflage},
  author ={Wolfgang Demtröder},
  year = {2021},
  isbn = {3662627280},
  publisher ={Springer Spektrum}
}

@book{quant,
  title ={Experimentalphysik 3},
  subtitle ={Atome, Moleküle und Festkörper, 5. Auflage},
  author ={Wolfgang Demtröder},
  year = {2021},
  isbn = {3662490943},
  publisher ={Springer Spektrum}
}